
@ARTICLE{Lampaert2002-ns,
  title   = "Modification of the Leuven Integrated Friction Model Structure",
  author  = "Lampaert, Vincent and Swevers, Jan and Al-Bender, Farid",
  journal = "IEEE Trans. Automat. Contr.",
  volume  =  47,
  number  =  4,
  year    =  2002
}

@MISC{Al-Bender_undated-kc,
  title      = "Fundamentals of Friction Modeling",
  author     = "Al-Bender, Farid",
  conference = "Politorino Seminar"
}

@INPROCEEDINGS{Hamon2010-wg,
  title     = "Dynamic identification of robot with a load-dependent joint
               friction model",
  booktitle = "2010 IEEE Conference on Robotics, Automation and Mechatronics",
  author    = "Hamon, P and Gautier, M and Garrec, P and Janot, A",
  year      =  2010
}

@ARTICLE{Yoon2014-fb,
  title   = "Friction modeling, identification, and compensation based on
             friction hysteresis and Dahl resonance",
  author  = "Yoon, Jun Young and Trumper, David L",
  journal = "Mechatronics",
  volume  =  24,
  number  =  6,
  pages   = "734-741",
  year    =  2014
}

@ARTICLE{Frey2010-hl,
  title     = "Periodic variation of preloading in ball screws",
  author    = "Frey, S and Walther, M and Verl, A",
  journal   = "Prod. Eng. Res. Devel.",
  publisher = "Springer-Verlag",
  volume    =  4,
  number    = "2-3",
  pages     = "261-267",
  month     =  "27~" # jan,
  year      =  2010,
  language  = "en"
}

@ARTICLE{Lee2015-oa,
  title    = "Distributed Component Friction Model for Precision Control of a
              Feed Drive System",
  author   = "Lee, W and Lee, C Y and Jeong, Y H and Min, B K",
  journal  = "IEEE/ASME Trans. Mechatron.",
  volume   =  20,
  number   =  4,
  pages    = "1966-1974",
  month    =  aug,
  year     =  2015,
  keywords = "PD control;ball screws;drives;mechanical variables
              control;observers;position control;DCFM;LM guides;LuGre
              model;ball screws;distributed component friction model;feed drive
              dynamic behavior;friction force compensation;impalpable friction
              behavior;linear motion guides;nonlinear friction;observer-based
              friction compensator;precision control;presliding friction
              behaviors;proportional-derivative feed drive position
              controller;real-time monitoring;rolling contact
              components;sliding friction
              behaviors;Accuracy;Drives;Fasteners;Feeds;Force;Friction;Observers;Feed
              drive model;LuGre model;friction compensation control"
}

@ARTICLE{Lee2015-py,
  title    = "Friction compensation controller for load varying machine tool
              feed drive",
  author   = "Lee, Wonkyun and Lee, Chan-Young and Jeong, Young Hun and Min,
              Byung-Kwon",
  journal  = "Int. J. Mach. Tools Manuf.",
  volume   =  96,
  pages    = "47-54",
  year     =  2015,
  keywords = "Adaptive friction compensation; Feed drive load; Machine tool
              control; Workpiece weight"
}

@ARTICLE{Bosgra2006-bf,
  title   = "Higher-order sinusoidal input describing functions for the
             analysis of non-linear systems with harmonic responses",
  author  = "Bosgra, O H and Steinbuch, M",
  journal = "Mech. Syst. Signal Process.",
  volume  =  20,
  pages   = "1883-1904",
  year    =  2006
}

@PHDTHESIS{Symens2004-ao,
  title  = "Motion and vibration control of mechatronic systems with variable
            configuration and local non-linear friction",
  author = "Symens, Wim",
  year   =  2004,
  school = "KULeuven"
}

@PHDTHESIS{Lampaert2003-lw,
  title  = "Modelling and control of dry sliding friction in mechanical systems",
  author = "Lampaert, Vincent",
  year   =  2003,
  school = "KULeuven"
}

@INCOLLECTION{Al-Bender2004-sc,
  title     = "Measurement and Identification of Pre-Sliding Friction Dynamics",
  booktitle = "Nonlinear Dynamics of Production Systems",
  author    = "Al-Bender, F and Lampaert, V and Fassois, S D and Rizos, D C and
               Worden, K and Engster, D and Hornstein, A and Parlitz, U",
  publisher = "Wiley-VCH Verlag GmbH \& Co. KGaA",
  pages     = "349-367",
  year      =  2004,
  keywords  = "measurement; identification; pre-sliding friction dynamics;
               NARMAX models; physics-based models; regression approaches"
}

% The entry below contains non-ASCII chars that could not be converted
% to a LaTeX equivalent.
@INPROCEEDINGS{Lampaert2002-ic,
  title     = "Experimental comparison of different friction models for
               accurate low-velocity tracking",
  booktitle = "Proceedings of the 10th Mediterranean Conference on Control and
               Automation (MEDâ€™02)",
  author    = "Lampaert, Vincent and Swevers, Jan and Al-Bender, Farid",
  year      =  2002
}

@ARTICLE{Maeda2013-rd,
  title    = "Initial Friction Compensation Using Rheology-Based Rolling
              Friction Model in Fast and Precise Positioning",
  author   = "Maeda, Y and Iwasaki, M",
  journal  = "Industrial Electronics, IEEE Transactions on",
  volume   =  60,
  number   =  9,
  pages    = "3865-3876",
  year     =  2013,
  keywords = "ball screws;compensation;feedback;mechanical stability;mechanical
              variables control;observers;rheology;robust control;rolling
              friction;RFM;ball-screw-driven table system
              positioning;compensator design;delay components;delay-free
              estimation;disturbance observer;estimation delay;feedback
              control;industrial positioning devices;initial friction behaviour
              compensation;low-pass filters;microdisplacement region;nonlinear
              elastic component;nonlinear friction effect;numerical
              simulations;plant system;rheology-based rolling friction
              model;robust stability;table drive mechanism;Force;Friction;Load
              modeling;Mathematical
              model;Observers;Servomotors;Vibrations;Disturbance observer;fast
              and precise positioning;initial friction compensation
              (IFC);nonlinear elastic property;rheology-based friction
              model;rolling friction"
}

@ARTICLE{Maeda2013-zj,
  title    = "Rolling Friction Model-Based Analyses and Compensation for Slow
              Settling Response in Precise Positioning",
  author   = "Maeda, Y and Iwasaki, M",
  journal  = "Industrial Electronics, IEEE Transactions on",
  volume   =  60,
  number   =  12,
  pages    = "5841-5853",
  month    =  dec,
  year     =  2013,
  keywords = "compensation;drives;elasticity;force;linear
              motors;micromechanics;rolling friction;compensation;linear
              motor-driven table systems;microdisplacement region;nonlinear
              elastic friction force;positioning performance;rolling friction
              model;settling response;table drive mechanism;Friction;Gain;Poles
              and zeros;Resonant frequency;Rheology;Transient
              analysis;Vibrations;Friction compensation;history dependency;mode
              switching control;nonlinear elastic property;rolling
              friction;slow settling response"
}

@ARTICLE{Maeda2014-ia,
  title    = "Mode Switching Feedback Compensation Considering Rolling Friction
              Characteristics for Fast and Precise Positioning",
  author   = "Maeda, Y and Iwasaki, M",
  journal  = "Industrial Electronics, IEEE Transactions on",
  volume   =  61,
  number   =  2,
  pages    = "1123-1132",
  month    =  feb,
  year     =  2014,
  keywords = "compensation;drives;feedback;numerical analysis;position
              control;rolling friction;vibration control;FB compensation
              methodology;control performance;fast drive positioning;industrial
              table positioning device;microdisplacement region;mode switching
              control;mode switching feedback compensation;nonlinear elastic
              component;numerical simulation;precise drive positioning;rolling
              friction characteristic;table drive mechanism;table drive
              system;vibratory settling response
              suppression;Friction;Gain;Rheology;Initial value response;mode
              switching control;nonlinear elastic property;rolling
              friction;slow response;vibratory response"
}

@ARTICLE{Al-Bender2008-ap,
  title   = "A Model of the Transient Behavior of Tractive Rolling Contacts",
  author  = "Al-Bender, Farid and De Moerlooze, Kris",
  journal = "Advances in Tribology",
  volume  =  2008,
  pages   = "1-17",
  year    =  2008
}

@INPROCEEDINGS{Lampaert2000-au,
  title       = "Impact of nonlinear friction on frequency response function
                 measurements",
  booktitle   = "Int. Conf. On noise and Vibration Engineering",
  author      = "Lampaert, V and Swevers, J and Al-Bender, F",
  pages       = "443-450",
  institution = "KULeuven",
  year        =  2000
}

@INPROCEEDINGS{Lampaert2004-jo,
  title     = "Comparison of model and non-model based friction compensation
               techniques in the neighbourhood of pre-sliding friction",
  booktitle = "American Control Conference, 2004. Proceedings of the 2004",
  author    = "Lampaert, V and Swevers, J and Al-Bender, F",
  volume    =  2,
  pages     = "1121-1126 vol.2",
  month     =  jun,
  year      =  2004,
  keywords  = "Kalman filters;Maxwell
               equations;compensation;feedforward;machine
               tools;observers;sliding friction;Kalman filter;Maxwell slip
               friction model;disturbance observer;friction model based
               feedforward technique;machine tool table;model based friction
               compensation techniques;nonmodel based friction compensation
               techniques;presliding friction force;second order random walk
               model;tracking performance"
}

@ARTICLE{De_Moerlooze2011-pk,
  title    = "Modeling of the dynamic behavior of systems with rolling elements",
  author   = "De Moerlooze, K and Al-Bender, F and Van Brussel, H",
  journal  = "Int. J. Non Linear Mech.",
  volume   =  46,
  number   =  1,
  pages    = "222-233",
  month    =  jan,
  year     =  2011,
  keywords = "Contact mechanics; Hertzian contact; Longitudinal creepage;
              Lateral creepage; Spin; Tractive rolling dynamics; Dry friction"
}

@ARTICLE{De_Moerlooze2010-lo,
  title     = "A Generalised Asperity-Based Friction Model",
  author    = "De Moerlooze, Kris and Al-Bender, Farid and Van Brussel, Hendrik",
  journal   = "Tribol. Lett.",
  publisher = "Springer US",
  volume    =  40,
  number    =  1,
  pages     = "113-130",
  month     =  "1~" # oct,
  year      =  2010
}

@ARTICLE{Al-Bender2011-lu,
  title   = "Characterization and Modeling of Friction and Wear: an overview",
  author  = "Al-Bender, F and De Moerlooze, K",
  journal = "Sustainable Construction and Design",
  pages   = "19-28",
  year    =  2011
}

@ARTICLE{Al-Bender2005-lj,
  title    = "Characterization of frictional hysteresis in ball-bearing
              guideways",
  author   = "Al-Bender, F and Symens, W",
  journal  = "Wear",
  volume   =  258,
  number   = "11--12",
  pages    = "1630-1642",
  month    =  jun,
  year     =  2005,
  keywords = "Rolling elements; Pre-rolling hysteresis; Experimental set-up;
              Equivalent stiffness; Equivalent damping; Equivalent damping
              ratio"
}

@ARTICLE{Tjahjowidodo2007-jw,
  title   = "Friction characterization and compensation in electro-mechanical
             systems",
  author  = "Tjahjowidodo, Tegoeh and Al-Bender, Farid and Van Brussel, Hendrik
             and Symens, Wim",
  journal = "J. Sound Vib.",
  volume  =  308,
  number  = "3--5",
  pages   = "632-646",
  month   =  "4~" # dec,
  year    =  2007
}

@ARTICLE{Worden2007-up,
  title   = "Identification of pre-sliding and sliding friction dynamics: Grey
             box and black-box models",
  author  = "Worden, K and Wong, C X and Parlitz, U and Hornstein, A and
             Engster, D and Tjahjowidodo, T and Al-Bender, F and Rizos, D D and
             Fassois, S D",
  journal = "Mech. Syst. Signal Process.",
  volume  =  21,
  number  =  1,
  pages   = "514-534",
  month   =  jan,
  year    =  2007
}

@ARTICLE{Al-Bender2008-dk,
  title    = "Characterization of friction force dynamics",
  author   = "Al-Bender, F and Swevers, J",
  journal  = "Control Systems, IEEE",
  volume   =  28,
  number   =  6,
  pages    = "64-81",
  month    =  dec,
  year     =  2008,
  keywords = "elastoplasticity;sliding friction;slip;springs
              (mechanical);adhesive force;elastoplasticity;friction force
              dynamics;friction modeling;generalized Maxwell-slip
              model;macroscopic friction behavior;mechanical system;nonlinear
              hysteretic springs;sliding process;Analytical
              models;Buildings;Control systems;Damping;Design
              engineering;Friction;Mechanical systems;Predictive
              models;Testing;Tribology"
}

@INPROCEEDINGS{Al-Bender2010-yu,
  title       = "Fundamentals of Friction Modeling",
  booktitle   = "Proceedings, ASPE Spring Topical Meeting on Control of
                 Precision Systems",
  author      = "Al-Bender, Farid",
  pages       = "117-122",
  institution = "ASPE- The American Society of Precision Engineering",
  year        =  2010
}

@ARTICLE{De_Moerlooze2010-li,
  title    = "On the relationship between normal load and friction force in
              pre-sliding frictional contacts. Part 2: Experimental
              investigation",
  author   = "De Moerlooze, K and Al-Bender, F",
  journal  = "Wear",
  volume   =  269,
  number   = "3--4",
  pages    = "183-189",
  month    =  "18~" # jun,
  year     =  2010,
  keywords = "Sliding friction; Contact mechanics"
}

@ARTICLE{Al-Bender2010-ru,
  title    = "On the relationship between normal load and friction force in
              pre-sliding frictional contacts. Part 1: Theoretical analysis",
  author   = "Al-Bender, F and De Moerlooze, K",
  journal  = "Wear",
  volume   =  269,
  number   = "3--4",
  pages    = "174-182",
  month    =  "18~" # jun,
  year     =  2010,
  keywords = "Sliding friction; Contact mechanics"
}

@ARTICLE{Al-Bender2004-xl,
  title   = "A Novel Generic Model at Asperity Level for Dry Friction Force
             Dynamics",
  author  = "Al-Bender, F and Lampaert, V and Swevers, J",
  journal = "Tribol. Lett.",
  volume  =  16,
  number  = "1/2",
  year    =  2004
}

@ARTICLE{Al-Bender2005-sh,
  title    = "The generalized Maxwell-slip model: a novel model for friction
              Simulation and compensation",
  author   = "Al-Bender, F and Lampaert, V and Swevers, J",
  journal  = "IEEE Trans. Automat. Contr.",
  volume   =  50,
  number   =  11,
  pages    = "1883-1887",
  month    =  nov,
  year     =  2005,
  keywords = "compensation;force control;friction;friction
              compensation;friction simulation;generalized Maxwell-slip
              model;generic friction model;mechanical systems;rate-state
              law;state equations;Communication system control;Control system
              synthesis;Control systems;Electromechanical
              systems;Friction;Geophysics;Hysteresis;Maxwell
              equations;Mechanical systems;Sliding mode control;Friction
              modeling;friction compensation;mechanical systems;presliding
              regime;sliding regime"
}

@ARTICLE{Swevers2000-ye,
  title    = "An integrated friction model structure with improved presliding
              behavior for accurate friction compensation",
  author   = "Swevers, J and Al-Bender, F and Ganseman, C G and Projogo, T",
  journal  = "IEEE Trans. Automat. Contr.",
  volume   =  45,
  number   =  4,
  pages    = "675-686",
  month    =  apr,
  year     =  2000,
  keywords = "compensation;feedforward;friction;hysteresis;motion
              control;nonlinear control systems;robots;KUKA IR 361
              robot;Stribeck effect;accurate friction compensation;arbitrary
              transition curves;dynamical friction model structure;feedforward
              friction compensation;hysteresis function;integrated friction
              model structure;linear slide;nonlocal memory;presliding
              behavior;stick-slip behavior;Control
              systems;Friction;Hysteresis;Lubricants;Mechatronics;Predictive
              models;Robot sensing systems;Surface texture;Surface
              topography;Velocity control"
}

@ARTICLE{Boegli2014-tm,
  title    = "A Smoothed GMS Friction Model Suited for Gradient-Based Friction
              State and Parameter Estimation",
  author   = "Boegli, M and De Laet, T and De Schutter, J and Swevers, J",
  journal  = "IEEE/ASME Trans. Mechatron.",
  volume   =  19,
  number   =  5,
  pages    = "1593-1602",
  month    =  oct,
  year     =  2014,
  keywords = "Kalman filters;differential equations;elastoplasticity;nonlinear
              filters;nonlinear systems;parameter estimation;sliding
              friction;state estimation;EKF estimator;S-GMS friction
              model;differential equations;elastoplastic model;extended Kalman
              filter;friction characteristics;generalized Maxwell-Slip
              model;gradient-based friction state;joint state estimation;moving
              horizon estimation;multistate friction model;parameter
              estimation;presliding motion;single-state LuGre model;smoothed
              GMS friction model;switching structure;Analytical
              models;Force;Friction;Mathematical model;Parameter
              estimation;Smoothing methods;Vectors;Friction;Kalman filter;state
              and parameter estimation"
}

